%% hal-00786254, version 1
%% http://hal.inria.fr/hal-00786254
@article{bach:hal-00786254,
    hal_id = {hal-00786254},
    url = {http://hal.inria.fr/hal-00786254},
    title = {{Une approche hybride GPL-DSL pour transformer des mod{\`e}les}},
    author = {\textbf{Bach}, \textbf{Jean-Christophe}},
    language = {Fran{\c c}ais},
    affiliation = {PAREO - INRIA Nancy - Grand Est / LORIA},
    pages = {1--26},
    note = {{Technique et Science Informatiques, TSI, à paraître}}, 
    year = {2013},
    month = Jan,
    address = {France},
    pdf = {http://hal.inria.fr/hal-00786254/PDF/TSI-avant\_review.pdf}
}

