@ARTICLE{Quinson2013,
  author = {Quinson, Martin and \textbf{Bach}, \textbf{Jean-Christophe}},
  title = {{L'informatique nomade, c'est la libert{\'e} !}},
  journal = {Interstices},
  year = {2013},
  month = Feb,
  affiliation = {ALGORILLE - INRIA Nancy - Grand Est / LORIA , PAREO - INRIA Nancy
	- Grand Est / LORIA},
  audience = {nationale },
  hal_id = {hal-00794187},
  keywords = {id{\'e}e re{\c c}ue, debunking, libert{\'e}, freedom, mobile, Turing,
	Church},
  language = {Fran{\c c}ais},
  address = {France},
  publisher = {INRIA},
  url = {http://hal.inria.fr/hal-00794187}
}

