@INPROCEEDINGS{Bach2012b,
  author = {\textbf{Bach}, \textbf{Jean-Christophe} and Moreau, Pierre-Etienne and Pantel, Marc},
  title = {{EMF Models Transformations with Tom}},
  howpublished = {Poster},
  address = {Dresden, Germany},
  booktitle = {SLE}, 
  year = {2012},
  month = Sep
}

